
@book{Kob , 
author	={S. Kobayashi },
title		={The Differential Geometry of Complex Vector Bundles },
edition		={ }, 
publisher	={Math. Soc. of Japan },
year		={1987 },
}

@article {Hitchin , 
title		={The Self-duality Equations on a Riemann Surface }, 
author	={N. Hitchin },
journal	={Proc. London Math. Soc. }, 
volume 	={3 },
issue		={55 },
pages		={59-126},
year		={1987 },
publisher	={ },
}

@article {AB , 
title		={The Yang-Mills equations over Riemann surfaces }, 
author	={M.F. Atiyah and R. Bott },
journal	={Philos. Trans. Roy. Soc. London Ser. A }, 
volume 	={308 },
issue		={ },
pages		={523-615},
year		={1982 },
publisher	={ },
}


